<record><leader>00000cas a22000007a 4500</leader><controlfield tag="001">40308231</controlfield><controlfield tag="008">981113c19949999cauwr ne      0    0eng d</controlfield><datafield ind1=" " ind2=" " tag="010"><subfield code="a">sn 98061943 </subfield></datafield><datafield ind1=" " ind2=" " tag="040"><subfield code="a">CNK</subfield><subfield code="b">eng</subfield><subfield code="c">CNK</subfield><subfield code="d">OCLCQ</subfield><subfield code="d">OCLCF</subfield><subfield code="d">OCLCO</subfield></datafield><datafield ind1=" " ind2=" " tag="042"><subfield code="a">msc</subfield></datafield><datafield ind1=" " ind2=" " tag="043"><subfield code="a">n-us-ca</subfield></datafield><datafield ind1="0" ind2=" " tag="130"><subfield code="a">Carmel Valley sun (Carmel Valley, Calif. : 1994)</subfield></datafield><datafield ind1="1" ind2="4" tag="245"><subfield code="a">The Carmel Valley sun.</subfield></datafield><datafield ind1=" " ind2=" " tag="260"><subfield code="a">Carmel Valley, CA :</subfield><subfield code="b">Norman Spaulding</subfield></datafield><datafield ind1=" " ind2=" " tag="300"><subfield code="a">v.</subfield></datafield><datafield ind1=" " ind2=" " tag="310"><subfield code="a">Weekly</subfield></datafield><datafield ind1="1" ind2=" " tag="362"><subfield code="a">Began in 1994.</subfield></datafield><datafield ind1=" " ind2=" " tag="588"><subfield code="a">Description based on: Mar. 3, 1994.</subfield></datafield><datafield ind1=" " ind2="0" tag="651"><subfield code="a">Carmel Valley (Calif.)</subfield><subfield code="v">Newspapers.</subfield></datafield><datafield ind1=" " ind2="7" tag="655"><subfield code="a">Newspapers.</subfield><subfield code="2">fast</subfield><subfield code="0">(OCoLC)fst01423814</subfield></datafield><datafield ind1=" " ind2="7" tag="651"><subfield code="a">California</subfield><subfield code="z">Carmel Valley.</subfield><subfield code="2">fast</subfield><subfield code="0">(OCoLC)fst01215443</subfield></datafield><datafield ind1=" " ind2=" " tag="752"><subfield code="a">United States</subfield><subfield code="b">California</subfield><subfield code="c">Monterey</subfield><subfield code="d">Carmel Valley.</subfield></datafield><datafield ind1="0" ind2="0" tag="780"><subfield code="t">Carmel sun (Carmel Valley, Calif. : 1993)</subfield><subfield code="w">(DLC)sn 98061942</subfield></datafield></record>